@misc{bostan2020deep,
      title={Deep Phase Decoder: Self-calibrating phase microscopy with an untrained deep neural network}, 
      author={Emrah Bostan and Reinhard Heckel and Michael Chen and Michael Kellman and Laura Waller},
      year={2020},
      eprint={2001.09803},
      archivePrefix={arXiv},
      primaryClass={eess.IV}
}
@unknown{unknown,
author = {Yanny, Kyrollos and Antipa, Nick and Liberti, William and Dehaeck, Sam and Monakhova, Kristina and Liu, Fanglin and Shen, Konlin and Ng, Ren and Waller, Laura},
year = {2020},
month = {10},
pages = {},
journal = {Light: Science & Applications},
title = {Miniscope3D: optimized single-shot miniature 3D fluorescence microscopy}
}
@BOOK{2006agna.book.....O,
   author = {{Osterbrock}, D.~E. and {Ferland}, G.~J.},
    title = "{Astrophysics of gaseous nebulae and active galactic nuclei}",
 keywords = {GASEOUS NEBULAE, PHOTOIONIZATION, THERMAL EQUILIBRIUM, EMISSION SPECTRA, INTERSTELLAR DUST, H II REGIONS, PLANETARY NEBULAE, SUPERNOVA REMNANTS, ACTIVE GALACTIC NUCLEI},
booktitle = {Astrophysics of gaseous nebulae and active galactic nuclei, 2nd.~ed.~by D.E.~Osterbrock and G.J.~Ferland.~Sausalito, CA: University Science Books, 2006},
     year = 2006,
   adsurl = {http://adsabs.harvard.edu/abs/2006agna.book.....O},
  adsnote = {Provided by the SAO/NASA Astrophysics Data System}
}
